%YAML 1.1
%TAG !u! tag:unity3d.com,2011:
--- !u!29 &1
SceneSettings:
  m_ObjectHideFlags: 0
  m_PVSData: 
  m_PVSObjectsArray: []
  m_PVSPortalsArray: []
  m_OcclusionBakeSettings:
    smallestOccluder: 5
    smallestHole: 0.25
    backfaceThreshold: 100
--- !u!104 &2
RenderSettings:
  m_ObjectHideFlags: 0
  serializedVersion: 6
  m_Fog: 0
  m_FogColor: {r: 0.5, g: 0.5, b: 0.5, a: 1}
  m_FogMode: 3
  m_FogDensity: 0.01
  m_LinearFogStart: 0
  m_LinearFogEnd: 300
  m_AmbientSkyColor: {r: 0.2, g: 0.2, b: 0.2, a: 1}
  m_AmbientEquatorColor: {r: 0.2, g: 0.2, b: 0.2, a: 1}
  m_AmbientGroundColor: {r: 0.2, g: 0.2, b: 0.2, a: 1}
  m_AmbientIntensity: 1
  m_AmbientMode: 3
  m_SkyboxMaterial: {fileID: 0}
  m_HaloStrength: 0.5
  m_FlareStrength: 1
  m_FlareFadeSpeed: 3
  m_HaloTexture: {fileID: 0}
  m_SpotCookie: {fileID: 10001, guid: 0000000000000000e000000000000000, type: 0}
  m_DefaultReflectionMode: 0
  m_DefaultReflectionResolution: 128
  m_ReflectionBounces: 1
  m_ReflectionIntensity: 1
  m_CustomReflection: {fileID: 0}
  m_Sun: {fileID: 0}
--- !u!157 &4
LightmapSettings:
  m_ObjectHideFlags: 0
  serializedVersion: 6
  m_GIWorkflowMode: 1
  m_LightmapsMode: 1
  m_GISettings:
    serializedVersion: 2
    m_BounceScale: 1
    m_IndirectOutputScale: 1
    m_AlbedoBoost: 1
    m_TemporalCoherenceThreshold: 1
    m_EnvironmentLightingMode: 0
    m_EnableBakedLightmaps: 1
    m_EnableRealtimeLightmaps: 0
  m_LightmapEditorSettings:
    serializedVersion: 3
    m_Resolution: 1
    m_BakeResolution: 50
    m_TextureWidth: 1024
    m_TextureHeight: 1024
    m_AOMaxDistance: 1
    m_Padding: 2
    m_CompAOExponent: 0
    m_LightmapParameters: {fileID: 0}
    m_TextureCompression: 0
    m_FinalGather: 0
    m_FinalGatherRayCount: 1024
    m_ReflectionCompression: 2
  m_LightingDataAsset: {fileID: 0}
  m_RuntimeCPUUsage: 25
--- !u!196 &5
NavMeshSettings:
  serializedVersion: 2
  m_ObjectHideFlags: 0
  m_BuildSettings:
    serializedVersion: 2
    agentRadius: 0.5
    agentHeight: 2
    agentSlope: 45
    agentClimb: 0.4
    ledgeDropHeight: 0
    maxJumpAcrossDistance: 0
    accuratePlacement: 0
    minRegionArea: 2
    cellSize: 0.16666666
    manualCellSize: 0
  m_NavMeshData: {fileID: 0}
--- !u!1001 &29061215
Prefab:
  m_ObjectHideFlags: 0
  serializedVersion: 2
  m_Modification:
    m_TransformParent: {fileID: 63647971}
    m_Modifications:
    - target: {fileID: 400008, guid: eca149b0f819c6b4cb02b9fe22f54a7f, type: 2}
      propertyPath: m_LocalPosition.x
      value: 0
      objectReference: {fileID: 0}
    - target: {fileID: 400008, guid: eca149b0f819c6b4cb02b9fe22f54a7f, type: 2}
      propertyPath: m_LocalPosition.y
      value: 0
      objectReference: {fileID: 0}
    - target: {fileID: 400008, guid: eca149b0f819c6b4cb02b9fe22f54a7f, type: 2}
      propertyPath: m_LocalPosition.z
      value: 0
      objectReference: {fileID: 0}
    - target: {fileID: 400008, guid: eca149b0f819c6b4cb02b9fe22f54a7f, type: 2}
      propertyPath: m_LocalRotation.x
      value: -0.7071068
      objectReference: {fileID: 0}
    - target: {fileID: 400008, guid: eca149b0f819c6b4cb02b9fe22f54a7f, type: 2}
      propertyPath: m_LocalRotation.y
      value: 0
      objectReference: {fileID: 0}
    - target: {fileID: 400008, guid: eca149b0f819c6b4cb02b9fe22f54a7f, type: 2}
      propertyPath: m_LocalRotation.z
      value: 0
      objectReference: {fileID: 0}
    - target: {fileID: 400008, guid: eca149b0f819c6b4cb02b9fe22f54a7f, type: 2}
      propertyPath: m_LocalRotation.w
      value: 0.7071068
      objectReference: {fileID: 0}
    - target: {fileID: 400008, guid: eca149b0f819c6b4cb02b9fe22f54a7f, type: 2}
      propertyPath: m_RootOrder
      value: 7
      objectReference: {fileID: 0}
    - target: {fileID: 100008, guid: eca149b0f819c6b4cb02b9fe22f54a7f, type: 2}
      propertyPath: m_IsActive
      value: 0
      objectReference: {fileID: 0}
    - target: {fileID: 100002, guid: eca149b0f819c6b4cb02b9fe22f54a7f, type: 2}
      propertyPath: m_IsActive
      value: 0
      objectReference: {fileID: 0}
    m_RemovedComponents: []
  m_ParentPrefab: {fileID: 100100000, guid: eca149b0f819c6b4cb02b9fe22f54a7f, type: 2}
  m_IsPrefabParent: 0
--- !u!1 &63647970
GameObject:
  m_ObjectHideFlags: 0
  m_PrefabParentObject: {fileID: 0}
  m_PrefabInternal: {fileID: 0}
  serializedVersion: 4
  m_Component:
  - 4: {fileID: 63647971}
  m_Layer: 0
  m_Name: GameObject
  m_TagString: Untagged
  m_Icon: {fileID: 0}
  m_NavMeshLayer: 0
  m_StaticEditorFlags: 0
  m_IsActive: 1
--- !u!4 &63647971
Transform:
  m_ObjectHideFlags: 0
  m_PrefabParentObject: {fileID: 0}
  m_PrefabInternal: {fileID: 0}
  m_GameObject: {fileID: 63647970}
  m_LocalRotation: {x: 0, y: 0, z: 0, w: 1}
  m_LocalPosition: {x: 0, y: 0, z: 0}
  m_LocalScale: {x: 1, y: 1, z: 1}
  m_Children:
  - {fileID: 227646359}
  - {fileID: 2128425702}
  - {fileID: 206501573}
  - {fileID: 1531193441}
  - {fileID: 1444857123}
  - {fileID: 1728756304}
  - {fileID: 701810711}
  - {fileID: 1687263194}
  m_Father: {fileID: 0}
  m_RootOrder: 4
--- !u!1 &169804426
GameObject:
  m_ObjectHideFlags: 0
  m_PrefabParentObject: {fileID: 0}
  m_PrefabInternal: {fileID: 0}
  serializedVersion: 4
  m_Component:
  - 4: {fileID: 169804427}
  - 33: {fileID: 169804429}
  - 65: {fileID: 169804430}
  - 23: {fileID: 169804428}
  m_Layer: 0
  m_Name: Scene Floor Water
  m_TagString: Untagged
  m_Icon: {fileID: 0}
  m_NavMeshLayer: 0
  m_StaticEditorFlags: 0
  m_IsActive: 1
--- !u!4 &169804427
Transform:
  m_ObjectHideFlags: 0
  m_PrefabParentObject: {fileID: 0}
  m_PrefabInternal: {fileID: 0}
  m_GameObject: {fileID: 169804426}
  m_LocalRotation: {x: 0, y: 0, z: 0, w: 1}
  m_LocalPosition: {x: 0, y: -0.5, z: 0}
  m_LocalScale: {x: 100, y: 0.001, z: 100}
  m_Children: []
  m_Father: {fileID: 0}
  m_RootOrder: 3
--- !u!23 &169804428
MeshRenderer:
  m_ObjectHideFlags: 0
  m_PrefabParentObject: {fileID: 0}
  m_PrefabInternal: {fileID: 0}
  m_GameObject: {fileID: 169804426}
  m_Enabled: 0
  m_CastShadows: 0
  m_ReceiveShadows: 0
  m_Materials:
  - {fileID: 2100000, guid: 1c8e6deb5a6edca45823e7bc727f9046, type: 2}
  m_SubsetIndices: 
  m_StaticBatchRoot: {fileID: 0}
  m_UseLightProbes: 0
  m_ReflectionProbeUsage: 1
  m_ProbeAnchor: {fileID: 0}
  m_ScaleInLightmap: 1
  m_PreserveUVs: 0
  m_IgnoreNormalsForChartDetection: 0
  m_ImportantGI: 0
  m_MinimumChartSize: 4
  m_AutoUVMaxDistance: 0.5
  m_AutoUVMaxAngle: 89
  m_LightmapParameters: {fileID: 0}
  m_SortingLayerID: 0
  m_SortingOrder: 0
--- !u!33 &169804429
MeshFilter:
  m_ObjectHideFlags: 0
  m_PrefabParentObject: {fileID: 0}
  m_PrefabInternal: {fileID: 0}
  m_GameObject: {fileID: 169804426}
  m_Mesh: {fileID: 10202, guid: 0000000000000000e000000000000000, type: 0}
--- !u!65 &169804430
BoxCollider:
  m_ObjectHideFlags: 0
  m_PrefabParentObject: {fileID: 0}
  m_PrefabInternal: {fileID: 0}
  m_GameObject: {fileID: 169804426}
  m_Material: {fileID: 0}
  m_IsTrigger: 0
  m_Enabled: 1
  serializedVersion: 2
  m_Size: {x: 1, y: 1, z: 1}
  m_Center: {x: 0, y: 0, z: 0}
--- !u!4 &206501573 stripped
Transform:
  m_PrefabParentObject: {fileID: 400008, guid: 4bef27525bc7e0a41ade3183a3693f24, type: 2}
  m_PrefabInternal: {fileID: 706915133}
--- !u!4 &227646359 stripped
Transform:
  m_PrefabParentObject: {fileID: 400012, guid: 8f71c7ca2b2fa6140a390f9ac4b73a7b, type: 2}
  m_PrefabInternal: {fileID: 1335656062}
--- !u!1001 &488537855
Prefab:
  m_ObjectHideFlags: 0
  serializedVersion: 2
  m_Modification:
    m_TransformParent: {fileID: 63647971}
    m_Modifications:
    - target: {fileID: 400004, guid: aa55aee569f7eda4eb623f672f393b96, type: 2}
      propertyPath: m_LocalPosition.x
      value: 0
      objectReference: {fileID: 0}
    - target: {fileID: 400004, guid: aa55aee569f7eda4eb623f672f393b96, type: 2}
      propertyPath: m_LocalPosition.y
      value: 0
      objectReference: {fileID: 0}
    - target: {fileID: 400004, guid: aa55aee569f7eda4eb623f672f393b96, type: 2}
      propertyPath: m_LocalPosition.z
      value: 0
      objectReference: {fileID: 0}
    - target: {fileID: 400004, guid: aa55aee569f7eda4eb623f672f393b96, type: 2}
      propertyPath: m_LocalRotation.x
      value: -0.7071068
      objectReference: {fileID: 0}
    - target: {fileID: 400004, guid: aa55aee569f7eda4eb623f672f393b96, type: 2}
      propertyPath: m_LocalRotation.y
      value: 0
      objectReference: {fileID: 0}
    - target: {fileID: 400004, guid: aa55aee569f7eda4eb623f672f393b96, type: 2}
      propertyPath: m_LocalRotation.z
      value: 0
      objectReference: {fileID: 0}
    - target: {fileID: 400004, guid: aa55aee569f7eda4eb623f672f393b96, type: 2}
      propertyPath: m_LocalRotation.w
      value: 0.7071068
      objectReference: {fileID: 0}
    - target: {fileID: 400004, guid: aa55aee569f7eda4eb623f672f393b96, type: 2}
      propertyPath: m_RootOrder
      value: 5
      objectReference: {fileID: 0}
    - target: {fileID: 100000, guid: aa55aee569f7eda4eb623f672f393b96, type: 2}
      propertyPath: m_IsActive
      value: 0
      objectReference: {fileID: 0}
    - target: {fileID: 100004, guid: aa55aee569f7eda4eb623f672f393b96, type: 2}
      propertyPath: m_IsActive
      value: 0
      objectReference: {fileID: 0}
    m_RemovedComponents: []
  m_ParentPrefab: {fileID: 100100000, guid: aa55aee569f7eda4eb623f672f393b96, type: 2}
  m_IsPrefabParent: 0
--- !u!1001 &515527715
Prefab:
  m_ObjectHideFlags: 0
  serializedVersion: 2
  m_Modification:
    m_TransformParent: {fileID: 63647971}
    m_Modifications:
    - target: {fileID: 400012, guid: 8209327ed5ffe724484cb503f1142568, type: 2}
      propertyPath: m_LocalPosition.x
      value: 0
      objectReference: {fileID: 0}
    - target: {fileID: 400012, guid: 8209327ed5ffe724484cb503f1142568, type: 2}
      propertyPath: m_LocalPosition.y
      value: 0
      objectReference: {fileID: 0}
    - target: {fileID: 400012, guid: 8209327ed5ffe724484cb503f1142568, type: 2}
      propertyPath: m_LocalPosition.z
      value: 0
      objectReference: {fileID: 0}
    - target: {fileID: 400012, guid: 8209327ed5ffe724484cb503f1142568, type: 2}
      propertyPath: m_LocalRotation.x
      value: -0.7071068
      objectReference: {fileID: 0}
    - target: {fileID: 400012, guid: 8209327ed5ffe724484cb503f1142568, type: 2}
      propertyPath: m_LocalRotation.y
      value: 0
      objectReference: {fileID: 0}
    - target: {fileID: 400012, guid: 8209327ed5ffe724484cb503f1142568, type: 2}
      propertyPath: m_LocalRotation.z
      value: 0
      objectReference: {fileID: 0}
    - target: {fileID: 400012, guid: 8209327ed5ffe724484cb503f1142568, type: 2}
      propertyPath: m_LocalRotation.w
      value: 0.7071068
      objectReference: {fileID: 0}
    - target: {fileID: 400012, guid: 8209327ed5ffe724484cb503f1142568, type: 2}
      propertyPath: m_RootOrder
      value: 3
      objectReference: {fileID: 0}
    - target: {fileID: 100012, guid: 8209327ed5ffe724484cb503f1142568, type: 2}
      propertyPath: m_IsActive
      value: 0
      objectReference: {fileID: 0}
    - target: {fileID: 100002, guid: 8209327ed5ffe724484cb503f1142568, type: 2}
      propertyPath: m_IsActive
      value: 0
      objectReference: {fileID: 0}
    - target: {fileID: 100008, guid: 8209327ed5ffe724484cb503f1142568, type: 2}
      propertyPath: m_IsActive
      value: 0
      objectReference: {fileID: 0}
    - target: {fileID: 100004, guid: 8209327ed5ffe724484cb503f1142568, type: 2}
      propertyPath: m_IsActive
      value: 0
      objectReference: {fileID: 0}
    m_RemovedComponents: []
  m_ParentPrefab: {fileID: 100100000, guid: 8209327ed5ffe724484cb503f1142568, type: 2}
  m_IsPrefabParent: 0
--- !u!4 &701810711 stripped
Transform:
  m_PrefabParentObject: {fileID: 400006, guid: c2c13dbce5b300b438d4b7e77bd0776d, type: 2}
  m_PrefabInternal: {fileID: 1961363593}
--- !u!1001 &706915133
Prefab:
  m_ObjectHideFlags: 0
  serializedVersion: 2
  m_Modification:
    m_TransformParent: {fileID: 63647971}
    m_Modifications:
    - target: {fileID: 400008, guid: 4bef27525bc7e0a41ade3183a3693f24, type: 2}
      propertyPath: m_LocalPosition.x
      value: 0
      objectReference: {fileID: 0}
    - target: {fileID: 400008, guid: 4bef27525bc7e0a41ade3183a3693f24, type: 2}
      propertyPath: m_LocalPosition.y
      value: 0
      objectReference: {fileID: 0}
    - target: {fileID: 400008, guid: 4bef27525bc7e0a41ade3183a3693f24, type: 2}
      propertyPath: m_LocalPosition.z
      value: 0
      objectReference: {fileID: 0}
    - target: {fileID: 400008, guid: 4bef27525bc7e0a41ade3183a3693f24, type: 2}
      propertyPath: m_LocalRotation.x
      value: -0.7071068
      objectReference: {fileID: 0}
    - target: {fileID: 400008, guid: 4bef27525bc7e0a41ade3183a3693f24, type: 2}
      propertyPath: m_LocalRotation.y
      value: 0
      objectReference: {fileID: 0}
    - target: {fileID: 400008, guid: 4bef27525bc7e0a41ade3183a3693f24, type: 2}
      propertyPath: m_LocalRotation.z
      value: 0
      objectReference: {fileID: 0}
    - target: {fileID: 400008, guid: 4bef27525bc7e0a41ade3183a3693f24, type: 2}
      propertyPath: m_LocalRotation.w
      value: 0.7071068
      objectReference: {fileID: 0}
    - target: {fileID: 400008, guid: 4bef27525bc7e0a41ade3183a3693f24, type: 2}
      propertyPath: m_RootOrder
      value: 2
      objectReference: {fileID: 0}
    - target: {fileID: 100002, guid: 4bef27525bc7e0a41ade3183a3693f24, type: 2}
      propertyPath: m_IsActive
      value: 0
      objectReference: {fileID: 0}
    - target: {fileID: 100008, guid: 4bef27525bc7e0a41ade3183a3693f24, type: 2}
      propertyPath: m_IsActive
      value: 0
      objectReference: {fileID: 0}
    m_RemovedComponents: []
  m_ParentPrefab: {fileID: 100100000, guid: 4bef27525bc7e0a41ade3183a3693f24, type: 2}
  m_IsPrefabParent: 0
--- !u!1001 &1151717632
Prefab:
  m_ObjectHideFlags: 0
  serializedVersion: 2
  m_Modification:
    m_TransformParent: {fileID: 63647971}
    m_Modifications:
    - target: {fileID: 400006, guid: 247e9ff62a3724441846b92cf2fb7a2c, type: 2}
      propertyPath: m_LocalPosition.x
      value: 0
      objectReference: {fileID: 0}
    - target: {fileID: 400006, guid: 247e9ff62a3724441846b92cf2fb7a2c, type: 2}
      propertyPath: m_LocalPosition.y
      value: 0
      objectReference: {fileID: 0}
    - target: {fileID: 400006, guid: 247e9ff62a3724441846b92cf2fb7a2c, type: 2}
      propertyPath: m_LocalPosition.z
      value: 0
      objectReference: {fileID: 0}
    - target: {fileID: 400006, guid: 247e9ff62a3724441846b92cf2fb7a2c, type: 2}
      propertyPath: m_LocalRotation.x
      value: -0.7071068
      objectReference: {fileID: 0}
    - target: {fileID: 400006, guid: 247e9ff62a3724441846b92cf2fb7a2c, type: 2}
      propertyPath: m_LocalRotation.y
      value: 0
      objectReference: {fileID: 0}
    - target: {fileID: 400006, guid: 247e9ff62a3724441846b92cf2fb7a2c, type: 2}
      propertyPath: m_LocalRotation.z
      value: 0
      objectReference: {fileID: 0}
    - target: {fileID: 400006, guid: 247e9ff62a3724441846b92cf2fb7a2c, type: 2}
      propertyPath: m_LocalRotation.w
      value: 0.7071068
      objectReference: {fileID: 0}
    - target: {fileID: 400006, guid: 247e9ff62a3724441846b92cf2fb7a2c, type: 2}
      propertyPath: m_RootOrder
      value: 1
      objectReference: {fileID: 0}
    - target: {fileID: 100006, guid: 247e9ff62a3724441846b92cf2fb7a2c, type: 2}
      propertyPath: m_IsActive
      value: 0
      objectReference: {fileID: 0}
    - target: {fileID: 100000, guid: 247e9ff62a3724441846b92cf2fb7a2c, type: 2}
      propertyPath: m_IsActive
      value: 0
      objectReference: {fileID: 0}
    - target: {fileID: 100004, guid: 247e9ff62a3724441846b92cf2fb7a2c, type: 2}
      propertyPath: m_IsActive
      value: 1
      objectReference: {fileID: 0}
    m_RemovedComponents: []
  m_ParentPrefab: {fileID: 100100000, guid: 247e9ff62a3724441846b92cf2fb7a2c, type: 2}
  m_IsPrefabParent: 0
--- !u!1001 &1155136879
Prefab:
  m_ObjectHideFlags: 0
  serializedVersion: 2
  m_Modification:
    m_TransformParent: {fileID: 63647971}
    m_Modifications:
    - target: {fileID: 400006, guid: 900117860fda3eb41acb08ff2fad3a3b, type: 2}
      propertyPath: m_LocalPosition.x
      value: 0
      objectReference: {fileID: 0}
    - target: {fileID: 400006, guid: 900117860fda3eb41acb08ff2fad3a3b, type: 2}
      propertyPath: m_LocalPosition.y
      value: 0
      objectReference: {fileID: 0}
    - target: {fileID: 400006, guid: 900117860fda3eb41acb08ff2fad3a3b, type: 2}
      propertyPath: m_LocalPosition.z
      value: 0
      objectReference: {fileID: 0}
    - target: {fileID: 400006, guid: 900117860fda3eb41acb08ff2fad3a3b, type: 2}
      propertyPath: m_LocalRotation.x
      value: -0.7071068
      objectReference: {fileID: 0}
    - target: {fileID: 400006, guid: 900117860fda3eb41acb08ff2fad3a3b, type: 2}
      propertyPath: m_LocalRotation.y
      value: 0
      objectReference: {fileID: 0}
    - target: {fileID: 400006, guid: 900117860fda3eb41acb08ff2fad3a3b, type: 2}
      propertyPath: m_LocalRotation.z
      value: 0
      objectReference: {fileID: 0}
    - target: {fileID: 400006, guid: 900117860fda3eb41acb08ff2fad3a3b, type: 2}
      propertyPath: m_LocalRotation.w
      value: 0.7071068
      objectReference: {fileID: 0}
    - target: {fileID: 400006, guid: 900117860fda3eb41acb08ff2fad3a3b, type: 2}
      propertyPath: m_RootOrder
      value: 4
      objectReference: {fileID: 0}
    - target: {fileID: 100006, guid: 900117860fda3eb41acb08ff2fad3a3b, type: 2}
      propertyPath: m_IsActive
      value: 0
      objectReference: {fileID: 0}
    - target: {fileID: 100000, guid: 900117860fda3eb41acb08ff2fad3a3b, type: 2}
      propertyPath: m_IsActive
      value: 0
      objectReference: {fileID: 0}
    m_RemovedComponents: []
  m_ParentPrefab: {fileID: 100100000, guid: 900117860fda3eb41acb08ff2fad3a3b, type: 2}
  m_IsPrefabParent: 0
--- !u!1 &1269659680
GameObject:
  m_ObjectHideFlags: 0
  m_PrefabParentObject: {fileID: 0}
  m_PrefabInternal: {fileID: 0}
  serializedVersion: 4
  m_Component:
  - 4: {fileID: 1269659681}
  - 20: {fileID: 1269659682}
  - 92: {fileID: 1269659684}
  - 124: {fileID: 1269659685}
  - 81: {fileID: 1269659683}
  m_Layer: 0
  m_Name: Main Camera
  m_TagString: MainCamera
  m_Icon: {fileID: 0}
  m_NavMeshLayer: 0
  m_StaticEditorFlags: 0
  m_IsActive: 1
--- !u!4 &1269659681
Transform:
  m_ObjectHideFlags: 0
  m_PrefabParentObject: {fileID: 0}
  m_PrefabInternal: {fileID: 0}
  m_GameObject: {fileID: 1269659680}
  m_LocalRotation: {x: 0.030843563, y: -0.7064338, z: 0.030843563, w: 0.7064338}
  m_LocalPosition: {x: 19, y: 7, z: 0}
  m_LocalScale: {x: 1, y: 1, z: 1}
  m_Children: []
  m_Father: {fileID: 0}
  m_RootOrder: 2
--- !u!20 &1269659682
Camera:
  m_ObjectHideFlags: 0
  m_PrefabParentObject: {fileID: 0}
  m_PrefabInternal: {fileID: 0}
  m_GameObject: {fileID: 1269659680}
  m_Enabled: 1
  serializedVersion: 2
  m_ClearFlags: 1
  m_BackGroundColor: {r: 0.19215687, g: 0.3019608, b: 0.4745098, a: 0.019607844}
  m_NormalizedViewPortRect:
    serializedVersion: 2
    x: 0
    y: 0
    width: 1
    height: 1
  near clip plane: 0.1
  far clip plane: 1000
  field of view: 80
  orthographic: 0
  orthographic size: 100
  m_Depth: -1
  m_CullingMask:
    serializedVersion: 2
    m_Bits: 4294967295
  m_RenderingPath: -1
  m_TargetTexture: {fileID: 0}
  m_TargetDisplay: 0
  m_TargetEye: 3
  m_HDR: 0
  m_OcclusionCulling: 1
  m_StereoConvergence: 10
  m_StereoSeparation: 0.022
  m_StereoMirrorMode: 0
--- !u!81 &1269659683
AudioListener:
  m_ObjectHideFlags: 0
  m_PrefabParentObject: {fileID: 0}
  m_PrefabInternal: {fileID: 0}
  m_GameObject: {fileID: 1269659680}
  m_Enabled: 1
--- !u!92 &1269659684
Behaviour:
  m_ObjectHideFlags: 0
  m_PrefabParentObject: {fileID: 0}
  m_PrefabInternal: {fileID: 0}
  m_GameObject: {fileID: 1269659680}
  m_Enabled: 1
--- !u!124 &1269659685
Behaviour:
  m_ObjectHideFlags: 0
  m_PrefabParentObject: {fileID: 0}
  m_PrefabInternal: {fileID: 0}
  m_GameObject: {fileID: 1269659680}
  m_Enabled: 1
--- !u!1 &1329028467
GameObject:
  m_ObjectHideFlags: 0
  m_PrefabParentObject: {fileID: 0}
  m_PrefabInternal: {fileID: 0}
  serializedVersion: 4
  m_Component:
  - 4: {fileID: 1329028468}
  - 108: {fileID: 1329028469}
  m_Layer: 0
  m_Name: Directional light
  m_TagString: Untagged
  m_Icon: {fileID: 0}
  m_NavMeshLayer: 0
  m_StaticEditorFlags: 0
  m_IsActive: 1
--- !u!4 &1329028468
Transform:
  m_ObjectHideFlags: 0
  m_PrefabParentObject: {fileID: 0}
  m_PrefabInternal: {fileID: 0}
  m_GameObject: {fileID: 1329028467}
  m_LocalRotation: {x: -0.22707266, y: 0.7643722, z: -0.35643265, w: -0.48695886}
  m_LocalPosition: {x: 61.849583, y: 83.5616, z: -25.740238}
  m_LocalScale: {x: 1, y: 1, z: 1}
  m_Children: []
  m_Father: {fileID: 0}
  m_RootOrder: 1
--- !u!108 &1329028469
Light:
  m_ObjectHideFlags: 0
  m_PrefabParentObject: {fileID: 0}
  m_PrefabInternal: {fileID: 0}
  m_GameObject: {fileID: 1329028467}
  m_Enabled: 1
  serializedVersion: 6
  m_Type: 1
  m_Color: {r: 1, g: 1, b: 1, a: 1}
  m_Intensity: 1
  m_Range: 10
  m_SpotAngle: 30
  m_CookieSize: 10
  m_Shadows:
    m_Type: 0
    m_Resolution: -1
    m_Strength: 1
    m_Bias: 0.05
    m_NormalBias: 0.4
    m_NearPlane: 0.2
  m_Cookie: {fileID: 0}
  m_DrawHalo: 0
  m_Flare: {fileID: 0}
  m_RenderMode: 0
  m_CullingMask:
    serializedVersion: 2
    m_Bits: 4294967295
  m_Lightmapping: 1
  m_BounceIntensity: 1
  m_ShadowRadius: 0
  m_ShadowAngle: 0
  m_AreaSize: {x: 1, y: 1}
--- !u!1001 &1335656062
Prefab:
  m_ObjectHideFlags: 0
  serializedVersion: 2
  m_Modification:
    m_TransformParent: {fileID: 63647971}
    m_Modifications:
    - target: {fileID: 400012, guid: 8f71c7ca2b2fa6140a390f9ac4b73a7b, type: 2}
      propertyPath: m_LocalPosition.x
      value: 0
      objectReference: {fileID: 0}
    - target: {fileID: 400012, guid: 8f71c7ca2b2fa6140a390f9ac4b73a7b, type: 2}
      propertyPath: m_LocalPosition.y
      value: 0
      objectReference: {fileID: 0}
    - target: {fileID: 400012, guid: 8f71c7ca2b2fa6140a390f9ac4b73a7b, type: 2}
      propertyPath: m_LocalPosition.z
      value: 0
      objectReference: {fileID: 0}
    - target: {fileID: 400012, guid: 8f71c7ca2b2fa6140a390f9ac4b73a7b, type: 2}
      propertyPath: m_LocalRotation.x
      value: -0.7071068
      objectReference: {fileID: 0}
    - target: {fileID: 400012, guid: 8f71c7ca2b2fa6140a390f9ac4b73a7b, type: 2}
      propertyPath: m_LocalRotation.y
      value: 0
      objectReference: {fileID: 0}
    - target: {fileID: 400012, guid: 8f71c7ca2b2fa6140a390f9ac4b73a7b, type: 2}
      propertyPath: m_LocalRotation.z
      value: 0
      objectReference: {fileID: 0}
    - target: {fileID: 400012, guid: 8f71c7ca2b2fa6140a390f9ac4b73a7b, type: 2}
      propertyPath: m_LocalRotation.w
      value: 0.7071068
      objectReference: {fileID: 0}
    - target: {fileID: 400012, guid: 8f71c7ca2b2fa6140a390f9ac4b73a7b, type: 2}
      propertyPath: m_RootOrder
      value: 0
      objectReference: {fileID: 0}
    - target: {fileID: 100012, guid: 8f71c7ca2b2fa6140a390f9ac4b73a7b, type: 2}
      propertyPath: m_IsActive
      value: 1
      objectReference: {fileID: 0}
    - target: {fileID: 100014, guid: 8f71c7ca2b2fa6140a390f9ac4b73a7b, type: 2}
      propertyPath: m_IsActive
      value: 0
      objectReference: {fileID: 0}
    - target: {fileID: 100010, guid: 8f71c7ca2b2fa6140a390f9ac4b73a7b, type: 2}
      propertyPath: m_IsActive
      value: 0
      objectReference: {fileID: 0}
    - target: {fileID: 100008, guid: 8f71c7ca2b2fa6140a390f9ac4b73a7b, type: 2}
      propertyPath: m_IsActive
      value: 0
      objectReference: {fileID: 0}
    - target: {fileID: 100006, guid: 8f71c7ca2b2fa6140a390f9ac4b73a7b, type: 2}
      propertyPath: m_IsActive
      value: 0
      objectReference: {fileID: 0}
    - target: {fileID: 100004, guid: 8f71c7ca2b2fa6140a390f9ac4b73a7b, type: 2}
      propertyPath: m_IsActive
      value: 0
      objectReference: {fileID: 0}
    - target: {fileID: 100000, guid: 8f71c7ca2b2fa6140a390f9ac4b73a7b, type: 2}
      propertyPath: m_IsActive
      value: 0
      objectReference: {fileID: 0}
    m_RemovedComponents: []
  m_ParentPrefab: {fileID: 100100000, guid: 8f71c7ca2b2fa6140a390f9ac4b73a7b, type: 2}
  m_IsPrefabParent: 0
--- !u!4 &1444857123 stripped
Transform:
  m_PrefabParentObject: {fileID: 400006, guid: 900117860fda3eb41acb08ff2fad3a3b, type: 2}
  m_PrefabInternal: {fileID: 1155136879}
--- !u!4 &1531193441 stripped
Transform:
  m_PrefabParentObject: {fileID: 400012, guid: 8209327ed5ffe724484cb503f1142568, type: 2}
  m_PrefabInternal: {fileID: 515527715}
--- !u!4 &1687263194 stripped
Transform:
  m_PrefabParentObject: {fileID: 400008, guid: eca149b0f819c6b4cb02b9fe22f54a7f, type: 2}
  m_PrefabInternal: {fileID: 29061215}
--- !u!4 &1728756304 stripped
Transform:
  m_PrefabParentObject: {fileID: 400004, guid: aa55aee569f7eda4eb623f672f393b96, type: 2}
  m_PrefabInternal: {fileID: 488537855}
--- !u!1001 &1861993815
Prefab:
  m_ObjectHideFlags: 0
  serializedVersion: 2
  m_Modification:
    m_TransformParent: {fileID: 0}
    m_Modifications:
    - target: {fileID: 400000, guid: f5b6c3a5ebb879b428ee786fc7db35ca, type: 2}
      propertyPath: m_LocalPosition.x
      value: -10
      objectReference: {fileID: 0}
    - target: {fileID: 400000, guid: f5b6c3a5ebb879b428ee786fc7db35ca, type: 2}
      propertyPath: m_LocalPosition.y
      value: -7
      objectReference: {fileID: 0}
    - target: {fileID: 400000, guid: f5b6c3a5ebb879b428ee786fc7db35ca, type: 2}
      propertyPath: m_LocalPosition.z
      value: 0
      objectReference: {fileID: 0}
    - target: {fileID: 400000, guid: f5b6c3a5ebb879b428ee786fc7db35ca, type: 2}
      propertyPath: m_LocalRotation.x
      value: -.65328151
      objectReference: {fileID: 0}
    - target: {fileID: 400000, guid: f5b6c3a5ebb879b428ee786fc7db35ca, type: 2}
      propertyPath: m_LocalRotation.y
      value: .270598084
      objectReference: {fileID: 0}
    - target: {fileID: 400000, guid: f5b6c3a5ebb879b428ee786fc7db35ca, type: 2}
      propertyPath: m_LocalRotation.z
      value: .270598084
      objectReference: {fileID: 0}
    - target: {fileID: 400000, guid: f5b6c3a5ebb879b428ee786fc7db35ca, type: 2}
      propertyPath: m_LocalRotation.w
      value: .65328151
      objectReference: {fileID: 0}
    - target: {fileID: 100000, guid: f5b6c3a5ebb879b428ee786fc7db35ca, type: 2}
      propertyPath: m_Name
      value: FX_Staging_Box_2
      objectReference: {fileID: 0}
    - target: {fileID: 2300000, guid: f5b6c3a5ebb879b428ee786fc7db35ca, type: 2}
      propertyPath: m_Materials.Array.data[0]
      value: 
      objectReference: {fileID: 2100000, guid: 8f5d3b6fc64521d41afdb3dd66aeb0d5, type: 2}
    m_RemovedComponents: []
  m_ParentPrefab: {fileID: 100100000, guid: f5b6c3a5ebb879b428ee786fc7db35ca, type: 2}
  m_IsPrefabParent: 0
--- !u!1001 &1961363593
Prefab:
  m_ObjectHideFlags: 0
  serializedVersion: 2
  m_Modification:
    m_TransformParent: {fileID: 63647971}
    m_Modifications:
    - target: {fileID: 400006, guid: c2c13dbce5b300b438d4b7e77bd0776d, type: 2}
      propertyPath: m_LocalPosition.x
      value: 0
      objectReference: {fileID: 0}
    - target: {fileID: 400006, guid: c2c13dbce5b300b438d4b7e77bd0776d, type: 2}
      propertyPath: m_LocalPosition.y
      value: 0
      objectReference: {fileID: 0}
    - target: {fileID: 400006, guid: c2c13dbce5b300b438d4b7e77bd0776d, type: 2}
      propertyPath: m_LocalPosition.z
      value: 0
      objectReference: {fileID: 0}
    - target: {fileID: 400006, guid: c2c13dbce5b300b438d4b7e77bd0776d, type: 2}
      propertyPath: m_LocalRotation.x
      value: -0.7071068
      objectReference: {fileID: 0}
    - target: {fileID: 400006, guid: c2c13dbce5b300b438d4b7e77bd0776d, type: 2}
      propertyPath: m_LocalRotation.y
      value: 0
      objectReference: {fileID: 0}
    - target: {fileID: 400006, guid: c2c13dbce5b300b438d4b7e77bd0776d, type: 2}
      propertyPath: m_LocalRotation.z
      value: 0
      objectReference: {fileID: 0}
    - target: {fileID: 400006, guid: c2c13dbce5b300b438d4b7e77bd0776d, type: 2}
      propertyPath: m_LocalRotation.w
      value: 0.7071068
      objectReference: {fileID: 0}
    - target: {fileID: 400006, guid: c2c13dbce5b300b438d4b7e77bd0776d, type: 2}
      propertyPath: m_RootOrder
      value: 6
      objectReference: {fileID: 0}
    - target: {fileID: 100004, guid: c2c13dbce5b300b438d4b7e77bd0776d, type: 2}
      propertyPath: m_IsActive
      value: 0
      objectReference: {fileID: 0}
    - target: {fileID: 100006, guid: c2c13dbce5b300b438d4b7e77bd0776d, type: 2}
      propertyPath: m_IsActive
      value: 0
      objectReference: {fileID: 0}
    m_RemovedComponents: []
  m_ParentPrefab: {fileID: 100100000, guid: c2c13dbce5b300b438d4b7e77bd0776d, type: 2}
  m_IsPrefabParent: 0
--- !u!4 &2128425702 stripped
Transform:
  m_PrefabParentObject: {fileID: 400006, guid: 247e9ff62a3724441846b92cf2fb7a2c, type: 2}
  m_PrefabInternal: {fileID: 1151717632}
